<?xml version="1.0" encoding="UTF-8"?><collection xmlns="http://www.loc.gov/MARC21/slim"><record><leader>00419nam--2200133-i-4500</leader><controlfield tag="001">000019469</controlfield><controlfield tag="002">20161230</controlfield><controlfield tag="005">20161230201033</controlfield><controlfield tag="008">060222s1000------------r-----000-0-eng-d</controlfield><datafield ind1=" " ind2=" " tag="080"><subfield code="a">616:543.545:537.363</subfield></datafield><datafield ind1=" " ind2=" " tag="100"><subfield code="a">Farges, Michel</subfield></datafield><datafield ind1=" " ind2=" " tag="245"><subfield code="a">L`electrophorese en gel de polyacrylamine: essai d`application quantitative</subfield></datafield><datafield ind1=" " ind2=" " tag="260"><subfield code="a">Tours, Faculte Mixte De Medicine Et De Pharmacie De Tours, 1970.   124 P</subfield></datafield><datafield ind1=" " ind2=" " tag="852"><subfield code="a">38990</subfield></datafield></record></collection>